@article{paszke2017automatic,
  title={Automatic differentiation in PyTorch},
  author={Paszke, Adam and Gross, Sam and Chintala, Soumith and Chanan, Gregory and Yang, Edward and DeVito, Zachary and Lin, Zeming and Desmaison, Alban and Antiga, Luca and Lerer, Adam},
  year={2017}
}

@article{hinton2012improving,
  title={Improving neural networks by preventing co-adaptation of feature detectors},
  author={Hinton, Geoffrey E and Srivastava, Nitish and Krizhevsky, Alex and Sutskever, Ilya and Salakhutdinov, Ruslan R},
  journal={arXiv preprint arXiv:1207.0580},
  year={2012}
}

@conference{jupyter,
	Author = {Thomas Kluyver and Benjamin Ragan-Kelley and Fernando P{\'e}rez and Brian Granger and Matthias Bussonnier and Jonathan Frederic and Kyle Kelley and Jessica Hamrick and Jason Grout and Sylvain Corlay and Paul Ivanov and Dami{\'a}n Avila and Safia Abdalla and Carol Willing},
	Booktitle = {Positioning and Power in Academic Publishing: Players, Agents and Agendas},
	Editor = {F. Loizides and B. Schmidt},
	Organization = {IOS Press},
	Pages = {87 - 90},
	Title = {Jupyter Notebooks -- a publishing format for reproducible computational workflows},
	Year = {2016}}

@article{numpy,
  title={The NumPy array: a structure for efficient numerical computation},
  author={Van Der Walt, Stefan and Colbert, S Chris and Varoquaux, Gael},
  journal={Computing in Science \& Engineering},
  volume={13},
  number={2},
  pages={22},
  year={2011},
  publisher={IEEE Computer Society}
}

@article{berger1999integrated,
  title={Integrated likelihood methods for eliminating nuisance parameters},
  author={Berger, James O and Liseo, Brunero and Wolpert, Robert L and others},
  journal={Statistical science},
  volume={14},
  number={1},
  pages={1--28},
  year={1999},
  publisher={Institute of Mathematical Statistics}
}

@article{incidental,
 ISSN = {00129682, 14680262},
 URL = {http://www.jstor.org/stable/1914288},
 author = {J. Neyman and Elizabeth L. Scott},
 journal = {Econometrica},
 number = {1},
 pages = {1--32},
 publisher = {[Wiley, Econometric Society]},
 title = {Consistent Estimates Based on Partially Consistent Observations},
 volume = {16},
 year = {1948}
}

@Article{matplotlib,
  Author    = {Hunter, J. D.},
  Title     = {Matplotlib: A 2D graphics environment},
  Journal   = {Computing in Science \& Engineering},
  Volume    = {9},
  Number    = {3},
  Pages     = {90--95},
  abstract  = {Matplotlib is a 2D graphics package used for Python for
  application development, interactive scripting, and publication-quality
  image generation across user interfaces and operating systems.},
  publisher = {IEEE COMPUTER SOC},
  doi       = {10.1109/MCSE.2007.55},
  year      = 2007
}

@article{banik2019novel,
  title={Novel constraints on the particle nature of dark matter from stellar streams},
  author={Banik, Nilanjan and Bovy, Jo and Bertone, Gianfranco and Erkal, Denis and de Boer, TJL},
  journal={arXiv preprint arXiv:1911.02663},
  year={2019}
}

@article{Bonaca:2020psc,
    author = "Bonaca, Ana and Conroy, Charlie and Hogg, David W. and Cargile, Phillip A. and Caldwell, Nelson and Naidu, Rohan P. and Price-Whelan, Adrian M. and Speagle, Joshua S. and Johnson, Benjamin D.",
    title = "{High-resolution spectroscopy of the GD-1 stellar stream localizes the perturber near the orbital plane of Sagittarius}",
    eprint = "2001.07215",
    archivePrefix = "arXiv",
    primaryClass = "astro-ph.GA",
    doi = "10.3847/2041-8213/ab800c",
    journal = "Astrophys. J. Lett.",
    volume = "892",
    number = "2",
    pages = "L37",
    year = "2020"
}

@article{Banik:2018pal,
    author = "Banik, Nilanjan and Bovy, Jo",
    title = "{Effects of baryonic and dark matter substructure on the Pal 5 stream}",
    eprint = "1809.09640",
    archivePrefix = "arXiv",
    primaryClass = "astro-ph.GA",
    doi = "10.1093/mnras/stz142",
    journal = "Mon. Not. Roy. Astron. Soc.",
    volume = "484",
    number = "2",
    pages = "2009--2020",
    year = "2019"
}

@article{bonaca2019spur,
  title={The Spur and the Gap in GD-1: Dynamical evidence for a dark substructure in the Milky Way halo},
  author={Bonaca, Ana and Hogg, David W and Price-Whelan, Adrian M and Conroy, Charlie},
  journal={The Astrophysical Journal},
  volume={880},
  number={1},
  pages={38},
  year={2019},
  publisher={IOP Publishing}
}

@article{bovy2016shape,
  title={The Shape of the Inner Milky Way Halo from Observations of the Pal 5 and GD--1 Stellar Streams},
  author={Bovy, Jo and Bahmanyar, Anita and Fritz, Tobias K and Kallivayalil, Nitya},
  journal={The Astrophysical Journal},
  volume={833},
  number={1},
  pages={31},
  year={2016},
  publisher={IOP Publishing}
}

@misc{bond1983collisionless,
  title={The collisionless damping of density fluctuations in an expanding universe},
  author={Bond, JR and Szalay, AS},
  year={1983}
}

@article{shi1999new,
  title={New dark matter candidate: nonthermal sterile neutrinos},
  author={Shi, Xiangdong and Fuller, George M},
  journal={Physical Review Letters},
  volume={82},
  number={14},
  pages={2832},
  year={1999},
  publisher={APS}
}

@article{boyarsky2009role,
  title={The role of sterile neutrinos in cosmology and astrophysics},
  author={Boyarsky, Alexey and Ruchayskiy, Oleg and Shaposhnikov, Mikhail},
  journal={Annual Review of Nuclear and Particle Science},
  volume={59},
  pages={191--214},
  year={2009},
  publisher={Annual Reviews}
}

@article{asaka2005numsm,
  title={The $\nu$MSM, dark matter and baryon asymmetry of the universe},
  author={Asaka, Takehiko and Shaposhnikov, Mikhail},
  journal={Physics Letters B},
  volume={620},
  number={1-2},
  pages={17--26},
  year={2005},
  publisher={Elsevier}
}

@article{abazajian2001sterile,
  title={Sterile neutrino hot, warm, and cold dark matter},
  author={Abazajian, Kevork and Fuller, George M and Patel, Mitesh},
  journal={Physical Review D},
  volume={64},
  number={2},
  pages={023501},
  year={2001},
  publisher={APS}
}

@article{dodelson1994sterile,
  title={Sterile neutrinos as dark matter},
  author={Dodelson, Scott and Widrow, Lawrence M},
  journal={Physical Review Letters},
  volume={72},
  number={1},
  pages={17},
  year={1994},
  publisher={APS}
}

@article{smith2011testing,
  title={Testing the Warm Dark Matter paradigm with large-scale structures},
  author={Smith, Robert E and Markovic, Katarina},
  journal={Physical Review D},
  volume={84},
  number={6},
  pages={063507},
  year={2011},
  publisher={APS}
}

@ARTICLE{2001ApJ...556...93B,
       author = {{Bode}, Paul and {Ostriker}, Jeremiah P. and {Turok}, Neil},
        title = "{Halo Formation in Warm Dark Matter Models}",
      journal = {Astrophysical Journal},
     keywords = {Cosmology: Theory, Cosmology: Dark Matter, Galaxies: Formation, Galaxies: Halos, Methods: Numerical, Astrophysics},
         year = 2001,
        month = jul,
       volume = {556},
       number = {1},
        pages = {93-107},
          doi = {10.1086/321541},
archivePrefix = {arXiv},
       eprint = {astro-ph/0010389},
 primaryClass = {astro-ph},
       adsurl = {https://ui.adsabs.harvard.edu/abs/2001ApJ...556...93B},
      adsnote = {Provided by the SAO/NASA Astrophysics Data System}
}


@article{bertschinger2006effects,
  title={Effects of cold dark matter decoupling and pair annihilation on cosmological perturbations},
  author={Bertschinger, Edmund},
  journal={Physical Review D},
  volume={74},
  number={6},
  pages={063509},
  year={2006},
  publisher={APS}
}

@article{moore1999dark,
  title={Dark matter substructure within galactic halos},
  author={Moore, Ben and Ghigna, Sebastiano and Governato, Fabio and Lake, George and Quinn, Thomas and Stadel, Joachim and Tozzi, Paolo},
  journal={The Astrophysical Journal Letters},
  volume={524},
  number={1},
  pages={L19},
  year={1999},
  publisher={IOP Publishing}
}

@article{schneider2013halo,
  title={Halo mass function and the free streaming scale},
  author={Schneider, Aurel and Smith, Robert E and Reed, Darren},
  journal={Monthly Notices of the Royal Astronomical Society},
  volume={433},
  number={2},
  pages={1573--1587},
  year={2013},
  publisher={Oxford University Press}
}

@article{avila1998formation,
  title={On the formation and evolution of disk galaxies: Cosmological initial conditions and the gravitational collapse},
  author={Avila-Reese, Vladimir and Firmani, Claudio and Hern{\'a}ndez, Xavier},
  journal={The Astrophysical Journal},
  volume={505},
  number={1},
  pages={37},
  year={1998},
  publisher={IOP Publishing}
}

@article{hofmann2001damping,
  title={Damping scales of neutralino cold dark matter},
  author={Hofmann, Stefan and Schwarz, Dominik J and Stoecker, Horst},
  journal={Physical Review D},
  volume={64},
  number={8},
  pages={083507},
  year={2001},
  publisher={APS}
}

@article{zhao2003growth,
  title={The growth and structure of dark matter haloes},
  author={Zhao, DH and Mo, HJ and Jing, YP and Boerner, Gerhard},
  journal={Monthly Notices of the Royal Astronomical Society},
  volume={339},
  number={1},
  pages={12--24},
  year={2003},
  publisher={Blackwell Science Ltd Oxford, UK}
}

@article{scikit-learn,
 title={Scikit-learn: Machine Learning in {P}ython},
 author={Pedregosa, F. and Varoquaux, G. and Gramfort, A. and Michel, V.
         and Thirion, B. and Grisel, O. and Blondel, M. and Prettenhofer, P.
         and Weiss, R. and Dubourg, V. and Vanderplas, J. and Passos, A. and
         Cournapeau, D. and Brucher, M. and Perrot, M. and Duchesnay, E.},
 journal={Journal of Machine Learning Research},
 volume={12},
 pages={2825--2830},
 year={2011}
}

@article{bovy2015galpy,
  title={galpy: A python Library for Galactic Dynamics},
  author={Bovy, Jo},
  journal={The Astrophysical Journal Supplement Series},
  volume={216},
  number={2},
  pages={29},
  year={2015},
  publisher={IOP Publishing}
}

@INPROCEEDINGS{2017AAS...22922303C,
       author = {{Chambers}, Kenneth C. and {Pan-STARRS Team}},
        title = "{The Pan-STARRS1 Survey Data Release}",
    booktitle = {American Astronomical Society Meeting Abstracts 229},
         year = 2017,
       series = {American Astronomical Society Meeting Abstracts},
       volume = {229},
        month = jan,
          eid = {223.03},
        pages = {223.03},
       adsurl = {https://ui.adsabs.harvard.edu/abs/2017AAS...22922303C},
      adsnote = {Provided by the SAO/NASA Astrophysics Data System}
}

@ARTICLE{2016A&A...595A...1G,
       author = {{Gaia Collaboration} and {Prusti}},
        title = "{The Gaia mission}",
      journal = {Astronomy and Astrophysics},
     keywords = {space vehicles: instruments, Galaxy: structure, astrometry, parallaxes, proper motions, telescopes, Astrophysics - Instrumentation and Methods for Astrophysics},
         year = 2016,
        month = nov,
       volume = {595},
          eid = {A1},
        pages = {A1},
          doi = {10.1051/0004-6361/201629272},
archivePrefix = {arXiv},
       eprint = {1609.04153},
 primaryClass = {astro-ph.IM},
       adsurl = {https://ui.adsabs.harvard.edu/abs/2016A&A...595A...1G},
      adsnote = {Provided by the SAO/NASA Astrophysics Data System}
}

@ARTICLE{gaia,
       author = {{Gaia Collaboration} and {Brown}},
        title = "{Gaia Data Release 2. Summary of the contents and survey properties}",
      journal = {Astronomy and Astrophysics},
     keywords = {catalogs, astrometry, techniques: radial velocities, stars: fundamental parameters, stars: variables: general, minor planets, asteroids: general, Astrophysics - Astrophysics of Galaxies, Astrophysics - Instrumentation and Methods for Astrophysics},
         year = 2018,
        month = aug,
       volume = {616},
          eid = {A1},
        pages = {A1},
          doi = {10.1051/0004-6361/201833051},
archivePrefix = {arXiv},
       eprint = {1804.09365},
 primaryClass = {astro-ph.GA},
       adsurl = {https://ui.adsabs.harvard.edu/abs/2018A&A...616A...1G},
      adsnote = {Provided by the SAO/NASA Astrophysics Data System}
}



@article{brehmer2020mining,
  title={Mining gold from implicit models to improve likelihood-free inference},
  author={Brehmer, Johann and Louppe, Gilles and Pavez, Juan and Cranmer, Kyle},
  journal={Proceedings of the National Academy of Sciences},
  volume={117},
  number={10},
  pages={5242--5249},
  year={2020},
  publisher={National Acaddemy of Sciences}
}

@ARTICLE{1984Natur.311..517B,
       author = {{Blumenthal}, G.~R. and {Faber}, S.~M. and {Primack}, J.~R. and
         {Rees}, M.~J.},
        title = "{Formation of galaxies and large-scale structure with cold dark matter.}",
      journal = {Nature},
     keywords = {Dark Matter, Galactic Evolution, Galactic Structure, Matter (Physics), Universe, Astronomical Models, Baryons, Galactic Clusters, Globular Clusters, Astrophysics, DARK MATTER, GALACTIC EVOLUTION, GALACTIC STRUCTURE, MATTER (PHYSICS), UNIVERSE, ASTRONOMICAL MODELS, BARYONS, GALACTIC CLUSTERS, GLOBULAR CLUSTERS},
         year = 1984,
        month = oct,
       volume = {311},
        pages = {517-525},
          doi = {10.1038/311517a0},
       adsurl = {https://ui.adsabs.harvard.edu/abs/1984Natur.311..517B},
      adsnote = {Provided by the SAO/NASA Astrophysics Data System}
}



@ARTICLE{1982ApJ...263L...1P,
       author = {{Peebles}, P.~J.~E.},
        title = "{Large-scale background temperature and mass fluctuations due to scale-invariant primeval perturbations}",
      journal = {Astrophysical Journal},
     keywords = {Background Radiation, Cosmology, Galactic Evolution, Mass Distribution, Noise Temperature, Universe, Astrophysics},
         year = 1982,
        month = dec,
       volume = {263},
        pages = {L1-L5},
          doi = {10.1086/183911},
       adsurl = {https://ui.adsabs.harvard.edu/abs/1982ApJ...263L...1P},
      adsnote = {Provided by the SAO/NASA Astrophysics Data System}
}



@inproceedings{yang2019condconv,
  title={Condconv: Conditionally parameterized convolutions for efficient inference},
  author={Yang, Brandon and Bender, Gabriel and Le, Quoc V and Ngiam, Jiquan},
  booktitle={Advances in Neural Information Processing Systems},
  pages={1307--1318},
  year={2019}
}

@article{neymanconstruction,
 ISSN = {00804614},
 URL = {http://www.jstor.org/stable/91337},
 author = {J. Neyman},
 journal = {Philosophical Transactions of the Royal Society of London. Series A, Mathematical and Physical Sciences},
 number = {767},
 pages = {333--380},
 publisher = {The Royal Society},
 title = {Outline of a Theory of Statistical Estimation Based on the Classical Theory of Probability},
 volume = {236},
 year = {1937}
}



@ARTICLE{2020MNRAS.491.6077G,
       author = {{Gilman}, Daniel and {Birrer}, Simon and {Nierenberg}, Anna and
         {Treu}, Tommaso and {Du}, Xiaolong and {Benson}, Andrew},
        title = "{Warm dark matter chills out: constraints on the halo mass function and the free-streaming length of dark matter with eight quadruple-image strong gravitational lenses}",
      journal = {Monthly Notices of the RAS},
     keywords = {gravitational lensing: strong, methods: statistical, galaxies: structure, dark matter, Astrophysics - Cosmology and Nongalactic Astrophysics, Astrophysics - Astrophysics of Galaxies},
         year = 2020,
        month = feb,
       volume = {491},
       number = {4},
        pages = {6077-6101},
          doi = {10.1093/mnras/stz3480},
archivePrefix = {arXiv},
       eprint = {1908.06983},
 primaryClass = {astro-ph.CO},
       adsurl = {https://ui.adsabs.harvard.edu/abs/2020MNRAS.491.6077G},
      adsnote = {Provided by the SAO/NASA Astrophysics Data System}
}

@article{ha2016hypernetworks,
  title={Hypernetworks},
  author={Ha, David and Dai, Andrew and Le, Quoc V},
  journal={arXiv preprint arXiv:1609.09106},
  year={2016}
}

@article{dalmasso2020confidence,
  title={Confidence Sets and Hypothesis Testing in a Likelihood-Free Inference Setting},
  author={Dalmasso, Niccol{\`o} and Izbicki, Rafael and Lee, Ann B},
  journal={arXiv preprint arXiv:2002.10399},
  year={2020}
}

@article{batchnorm,
  title={Batch normalization: Accelerating deep network training by reducing internal covariate shift},
  author={Ioffe, Sergey and Szegedy, Christian},
  journal={arXiv preprint arXiv:1502.03167},
  year={2015}
}

@article{sbc,
  title={Validating Bayesian inference algorithms with simulation-based calibration},
  author={Talts, Sean and Betancourt, Michael and Simpson, Daniel and Vehtari, Aki and Gelman, Andrew},
  journal={arXiv preprint arXiv:1804.06788},
  year={2018}
}

@article{adamw,
  title={Decoupled weight decay regularization},
  author={Loshchilov, Ilya and Hutter, Frank},
  journal={arXiv preprint arXiv:1711.05101},
  year={2017}
}

@inproceedings{selu,
  title={Self-normalizing neural networks},
  author={Klambauer, G{\"u}nter and Unterthiner, Thomas and Mayr, Andreas and Hochreiter, Sepp},
  booktitle={Advances in neural information processing systems},
  pages={971--980},
  year={2017}
}

@inproceedings{resnet,
  title={Deep residual learning for image recognition},
  author={He, Kaiming and Zhang, Xiangyu and Ren, Shaoqing and Sun, Jian},
  booktitle={Proceedings of the IEEE conference on computer vision and pattern recognition},
  pages={770--778},
  year={2016}
}

@article{strege2012fundamental,
  title={Fundamental statistical limitations of future dark matter direct detection experiments},
  author={Strege, Charlotte and Trotta, Roberto and Bertone, Gianfranco and Peter, Annika HG and Scott, Pat},
  journal={Physical Review D},
  volume={86},
  number={2},
  pages={023507},
  year={2012},
  publisher={APS}
}

@article{keskar2016large,
  title={On large-batch training for deep learning: Generalization gap and sharp minima},
  author={Keskar, Nitish Shirish and Mudigere, Dheevatsa and Nocedal, Jorge and Smelyanskiy, Mikhail and Tang, Ping Tak Peter},
  journal={arXiv preprint arXiv:1609.04836},
  year={2016}
}

@article{rubin1984bayesianly,
  title={Bayesianly Justifiable and Relevant Frequency Calculations for the Applied Statistician},
  author={Rubin, Donald B},
  journal={The Annals of Statistics},
  pages={1151--1172},
  year={1984},
  publisher={JSTOR}
}

@article{webb2019searching,
  title={Searching for the GD-1 stream progenitor in Gaia DR2 with direct N-body simulations},
  author={Webb, Jeremy J and Bovy, Jo},
  journal={Monthly Notices of the Royal Astronomical Society},
  volume={485},
  number={4},
  pages={5929--5938},
  year={2019},
  publisher={Oxford University Press}
}

@article{smith2017don,
  title={Don't decay the learning rate, increase the batch size},
  author={Smith, Samuel L and Kindermans, Pieter-Jan and Ying, Chris and Le, Quoc V},
  journal={arXiv preprint arXiv:1711.00489},
  year={2017}
}

@article{masters2018revisiting,
  title={Revisiting small batch training for deep neural networks},
  author={Masters, Dominic and Luschi, Carlo},
  journal={arXiv preprint arXiv:1804.07612},
  year={2018}
}

@inproceedings{hoffer2017train,
  title={Train longer, generalize better: closing the generalization gap in large batch training of neural networks},
  author={Hoffer, Elad and Hubara, Itay and Soudry, Daniel},
  booktitle={Advances in Neural Information Processing Systems},
  pages={1731--1741},
  year={2017}
}

@article{banik2018probing,
  title={Probing the nature of dark matter particles with stellar streams},
  author={Banik, Nilanjan and Bertone, Gianfranco and Bovy, Jo and Bozorgnia, Nassim},
  journal={Journal of Cosmology and Astroparticle Physics},
  volume={2018},
  number={07},
  pages={061},
  year={2018},
  publisher={IOP Publishing}
}

@incollection{bovy2019constraining,
  title={Constraining the Small-Scale Clustering of Dark Matter with Stellar Streams},
  author={Bovy, Jo},
  booktitle={Illuminating Dark Matter},
  pages={9--18},
  year={2019},
  publisher={Springer}
}

@article{wilks1938large,
  title={The large-sample distribution of the likelihood ratio for testing composite hypotheses},
  author={Wilks, Samuel S},
  journal={The annals of mathematical statistics},
  volume={9},
  number={1},
  pages={60--62},
  year={1938},
  publisher={JSTOR}
}

@article{cranmer2015approximating,
  title={Approximating likelihood ratios with calibrated discriminative classifiers},
  author={Cranmer, Kyle and Pavez, Juan and Louppe, Gilles},
  journal={arXiv preprint arXiv:1506.02169},
  year={2015}
}

@article{cowan2011asymptotic,
  title={Asymptotic formulae for likelihood-based tests of new physics},
  author={Cowan, Glen and Cranmer, Kyle and Gross, Eilam and Vitells, Ofer},
  journal={The European Physical Journal},
  volume={71},
  number={2},
  pages={1--19},
  year={2011},
  publisher={Springer}
}

@inproceedings{dalmasso2020validation,
  title={Validation of approximate likelihood and emulator models for computationally intensive simulations},
  author={Dalmasso, Niccolo and Lee, Ann and Izbicki, Rafael and Pospisil, Taylor and Kim, Ilmun and Lin, Chieh-An},
  booktitle={International Conference on Artificial Intelligence and Statistics},
  pages={3349--3361},
  year={2020}
}

@article{schall2012empirical,
  title={The empirical coverage of confidence intervals: Point estimates and confidence intervals for confidence levels},
  author={Schall, Robert},
  journal={Biometrical journal},
  volume={54},
  number={4},
  pages={537--551},
  year={2012},
  publisher={Wiley Online Library}
}

@ARTICLE{2013arXiv1301.3166P,
       author = {{Prangle}, D. and {Blum}, M.~G.~B. and {Popovic}, G. and {Sisson}, S.~A.},
        title = "{Diagnostic tools of approximate Bayesian computation using the coverage property}",
      journal = {arXiv e-prints},
     keywords = {Statistics - Methodology, Statistics - Computation},
         year = 2013,
        month = jan,
          eid = {arXiv:1301.3166},
        pages = {arXiv:1301.3166},
archivePrefix = {arXiv},
       eprint = {1301.3166},
 primaryClass = {stat.ME},
       adsurl = {https://ui.adsabs.harvard.edu/abs/2013arXiv1301.3166P},
      adsnote = {Provided by the SAO/NASA Astrophysics Data System}
}

@article{brehmer2018constraining,
  title={Constraining effective field theories with machine learning},
  author={Brehmer, Johann and Cranmer, Kyle and Louppe, Gilles and Pavez, Juan},
  journal={Physical Review Letters},
  volume={121},
  number={11},
  pages={111801},
  year={2018},
  publisher={APS}
}

@article{brehmer2019effective,
  title={Effective LHC measurements with matrix elements and machine learning},
  author={Brehmer, Johann and Cranmer, Kyle and Espejo, Irina and Kling, Felix and Louppe, Gilles and Pavez, Juan},
  journal={arXiv preprint arXiv:1906.01578},
  year={2019}
}

@article{brehmer2019mining,
  title={Mining for Dark Matter Substructure: Inferring subhalo population properties from strong lenses with machine learning},
  author={Brehmer, Johann and Mishra-Sharma, Siddharth and Hermans, Joeri and Louppe, Gilles and Cranmer, Kyle},
  journal={The Astrophysical Journal},
  volume={886},
  number={1},
  pages={49},
  year={2019},
  publisher={IOP Publishing}
}

@article{Bohe:2016gbl,
      author         = "Bohé, Alejandro and others",
      title          = "{Improved effective-one-body model of spinning,
                        nonprecessing binary black holes for the era of
                        gravitational-wave astrophysics with advanced detectors}",
      journal        = "Phys. Rev.",
      volume         = "D95",
      year           = "2017",
      number         = "4",
      pages          = "044028",
      doi            = "10.1103/PhysRevD.95.044028",
      eprint         = "1611.03703",
      archivePrefix  = "arXiv",
      primaryClass   = "gr-qc",
      reportNumber   = "LIGO-P1600315",
      SLACcitation   = "%%CITATION = ARXIV:1611.03703;%%"
}

@article{cranmer2020frontier,
  title={The frontier of simulation-based inference},
  author={Cranmer, Kyle and Brehmer, Johann and Louppe, Gilles},
  journal={Proceedings of the National Academy of Sciences},
  year={2020},
  publisher={National Acad Sciences}
}

@article{Veitch:2014wba,
      author         = "Veitch, J. and others",
      title          = "{Parameter estimation for compact binaries with
                        ground-based gravitational-wave observations using the
                        LALInference software library}",
      journal        = "Phys. Rev.",
      volume         = "D91",
      year           = "2015",
      number         = "4",
      pages          = "042003",
      doi            = "10.1103/PhysRevD.91.042003",
      eprint         = "1409.7215",
      archivePrefix  = "arXiv",
      primaryClass   = "gr-qc",
      reportNumber   = "LIGO-P1400152",
      SLACcitation   = "%%CITATION = ARXIV:1409.7215;%%"
}

@article{Cranmer:2015bka,
      author         = "Cranmer, Kyle and Pavez, Juan and Louppe, Gilles",
      title          = "{Approximating Likelihood Ratios with Calibrated
                        Discriminative  Classifiers}",
      year           = "2015",
      eprint         = "1506.02169",
      archivePrefix  = "arXiv",
      primaryClass   = "stat.AP",
      SLACcitation   = "%%CITATION = ARXIV:1506.02169;%%"
}

@ARTICLE{2019arXiv190304057H,
       author = {{Hermans}, Joeri and {Begy}, Volodimir and {Louppe}, Gilles},
        title = "{Likelihood-free MCMC with Amortized Approximate Ratio Estimators}",
      journal = {arXiv e-prints},
     keywords = {Statistics - Machine Learning, Computer Science - Machine Learning},
         year = "2019",
        month = "Mar",
          eid = {arXiv:1903.04057},
        pages = {arXiv:1903.04057},
archivePrefix = {arXiv},
       eprint = {1903.04057},
 primaryClass = {stat.ML},
       adsurl = {https://ui.adsabs.harvard.edu/abs/2019arXiv190304057H},
      adsnote = {Provided by the SAO/NASA Astrophysics Data System}
}

@ARTICLE{Brehmer:2019jyt,
       author = {{Brehmer}, Johann and {Mishra-Sharma}, Siddharth and {Hermans}, Joeri and
         {Louppe}, Gilles and {Cranmer}, Kyle},
        title = "{Mining for Dark Matter Substructure: Inferring Subhalo Population Properties from Strong Lenses with Machine Learning}",
      journal = {Astrophysical Journal},
     keywords = {Astrostatistics techniques, Convolutional neural networks, Cosmology, Dark matter, Gravitational lensing, Strong gravitational lensing, Nonparametric inference, Astrophysics - Cosmology and Nongalactic Astrophysics, Astrophysics - High Energy Astrophysical Phenomena, Astrophysics - Instrumentation and Methods for Astrophysics, High Energy Physics - Phenomenology, Statistics - Machine Learning},
         year = "2019",
        month = "Nov",
       volume = {886},
       number = {1},
          eid = {49},
        pages = {49},
          doi = {10.3847/1538-4357/ab4c41},
archivePrefix = {arXiv},
       eprint = {1909.02005},
 primaryClass = {astro-ph.CO},
       adsurl = {https://ui.adsabs.harvard.edu/abs/2019ApJ...886...49B},
      adsnote = {Provided by the SAO/NASA Astrophysics Data System}
}

@ARTICLE{2019PhRvD.100f3015G,
       author = {{Gebhard}, Timothy D. and {Kilbertus}, Niki and {Harry}, Ian and
         {Sch{\"o}lkopf}, Bernhard},
        title = "{Convolutional neural networks: A magic bullet for gravitational-wave detection?}",
      journal = {\prd},
     keywords = {Astrophysics - Instrumentation and Methods for Astrophysics, Astrophysics - High Energy Astrophysical Phenomena, Computer Science - Machine Learning, Statistics - Machine Learning},
         year = "2019",
        month = "Sep",
       volume = {100},
       number = {6},
          eid = {063015},
        pages = {063015},
          doi = {10.1103/PhysRevD.100.063015},
archivePrefix = {arXiv},
       eprint = {1904.08693},
 primaryClass = {astro-ph.IM},
       adsurl = {https://ui.adsabs.harvard.edu/abs/2019PhRvD.100f3015G},
      adsnote = {Provided by the SAO/NASA Astrophysics Data System}
}

@article{ibata2002uncovering,
  title={Uncovering cold dark matter halo substructure with tidal streams},
  author={Ibata, RA and Lewis, GF and Irwin, MJ and Quinn, T},
  journal={Monthly Notices of the Royal Astronomical Society},
  volume={332},
  number={4},
  pages={915--920},
  year={2002},
  publisher={Blackwell Science Ltd}
}

@article{johnston2002lumpy,
  title={How lumpy is the Milky Way’s dark matter halo?},
  author={Johnston, Kathryn V and Spergel, David N and Haydn, Christian},
  journal={The Astrophysical Journal},
  volume={570},
  number={2},
  pages={656},
  year={2002},
  publisher={IOP Publishing}
}

@article{banik2019effects,
  title={Effects of baryonic and dark matter substructure on the Pal 5 stream},
  author={Banik, Nilanjan and Bovy, Jo},
  journal={Monthly Notices of the Royal Astronomical Society},
  volume={484},
  number={2},
  pages={2009--2020},
  year={2019},
  publisher={Oxford University Press}
}

@article{yoon2011clumpy,
  title={Clumpy streams from clumpy halos: detecting missing satellites with cold stellar structures},
  author={Yoon, Joo Heon and Johnston, Kathryn V and Hogg, David W},
  journal={The Astrophysical Journal},
  volume={731},
  number={1},
  pages={58},
  year={2011},
  publisher={IOP Publishing}
}

@article{carlberg2012dark,
  title={Dark matter sub-halo counts via star stream crossings},
  author={Carlberg, Raymond G},
  journal={The Astrophysical Journal},
  volume={748},
  number={1},
  pages={20},
  year={2012},
  publisher={IOP Publishing}
}