@article{dalmasso2020confidence,
  title={Confidence Sets and Hypothesis Testing in a Likelihood-Free Inference Setting},
  author={Dalmasso, Niccol{\`o} and Izbicki, Rafael and Lee, Ann B},
  journal={arXiv preprint arXiv:2002.10399},
  year={2020}
}

@article{brehmer2019effective,
  title={Effective LHC measurements with matrix elements and machine learning},
  author={Brehmer, Johann and Cranmer, Kyle and Espejo, Irina and Kling, Felix and Louppe, Gilles and Pavez, Juan},
  journal={arXiv preprint arXiv:1906.01578},
  year={2019}
}

@article{Bohe:2016gbl,
      author         = "Boh√©, Alejandro and others",
      title          = "{Improved effective-one-body model of spinning,
                        nonprecessing binary black holes for the era of
                        gravitational-wave astrophysics with advanced detectors}",
      journal        = "\prd",
      volume         = "D95",
      year           = "2017",
      number         = "4",
      pages          = "044028",
      doi            = "10.1103/PhysRevD.95.044028",
      eprint         = "1611.03703",
      archivePrefix  = "arXiv",
      primaryClass   = "gr-qc",
      reportNumber   = "LIGO-P1600315",
      SLACcitation   = "%%CITATION = ARXIV:1611.03703;%%"
}

@article{Veitch:2014wba,
      author         = "Veitch, J. and others",
      title          = "{Parameter estimation for compact binaries with
                        ground-based gravitational-wave observations using the
                        LALInference software library}",
      journal        = "\prd",
      volume         = "D91",
      year           = "2015",
      number         = "4",
      pages          = "042003",
      doi            = "10.1103/PhysRevD.91.042003",
      eprint         = "1409.7215",
      archivePrefix  = "arXiv",
      primaryClass   = "gr-qc",
      reportNumber   = "LIGO-P1400152",
      SLACcitation   = "%%CITATION = ARXIV:1409.7215;%%"
}

@article{Cranmer:2015bka,
      author         = "Cranmer, Kyle and Pavez, Juan and Louppe, Gilles",
      title          = "{Approximating Likelihood Ratios with Calibrated
                        Discriminative  Classifiers}",
      year           = "2015",
      eprint         = "1506.02169",
      archivePrefix  = "arXiv",
      primaryClass   = "stat.AP",
      SLACcitation   = "%%CITATION = ARXIV:1506.02169;%%"
}

@ARTICLE{2019PhRvD.100f3015G,
       author = {{Gebhard}, Timothy D. and {Kilbertus}, Niki and {Harry}, Ian and
         {Sch{\"o}lkopf}, Bernhard},
        title = "{Convolutional neural networks: A magic bullet for gravitational-wave detection?}",
      journal = {\prd},
     keywords = {Astrophysics - Instrumentation and Methods for Astrophysics, Astrophysics - High Energy Astrophysical Phenomena, Computer Science - Machine Learning, Statistics - Machine Learning},
         year = "2019",
        month = "Sep",
       volume = {100},
       number = {6},
          eid = {063015},
        pages = {063015},
          doi = {10.1103/PhysRevD.100.063015},
archivePrefix = {arXiv},
       eprint = {1904.08693},
 primaryClass = {astro-ph.IM},
       adsurl = {https://ui.adsabs.harvard.edu/abs/2019PhRvD.100f3015G},
      adsnote = {Provided by the SAO/NASA Astrophysics Data System}
}

@InCollection{paszke2017automatic,
  author    = {Paszke, Adam and Gross, Sam and Massa, Francisco and Lerer, Adam and Bradbury, James and Chanan, Gregory and Killeen, Trevor and Lin, Zeming and Gimelshein, Natalia and Antiga, Luca and Desmaison, Alban and Kopf, Andreas and Yang, Edward and DeVito, Zachary and Raison, Martin and Tejani, Alykhan and Chilamkurthy, Sasank and Steiner, Benoit and Fang, Lu and Bai, Junjie and Chintala, Soumith},
  booktitle = {Advances in Neural Information Processing Systems 32},
  publisher = {Curran Associates, Inc.},
  title     = {PyTorch: An Imperative Style, High-Performance Deep Learning Library},
  year      = {2019},
  editor    = {H. Wallach and H. Larochelle and A. Beygelzimer and F. d\textquotesingle Alch\'{e}-Buc and E. Fox and R. Garnett},
  month     = {nov},
  number    = {10210},
  pages     = {8024--8035},
  volume    = {394},
  doi       = {10.1016/s0140-6736(19)32614-5},
  issn      = {0140-6736},
  journal   = {The Lancet},
  
}

@article{hinton2012improving,
  title={Improving neural networks by preventing co-adaptation of feature detectors},
  author={Hinton, Geoffrey E and Srivastava, Nitish and Krizhevsky, Alex and Sutskever, Ilya and Salakhutdinov, Ruslan R},
  journal={arXiv preprint arXiv:1207.0580},
  year={2012}
}

@conference{jupyter,
	Author = {Thomas Kluyver and Benjamin Ragan-Kelley and Fernando P{\'e}rez and Brian Granger and Matthias Bussonnier and Jonathan Frederic and Kyle Kelley and Jessica Hamrick and Jason Grout and Sylvain Corlay and Paul Ivanov and Dami{\'a}n Avila and Safia Abdalla and Carol Willing},
	Booktitle = {Positioning and Power in Academic Publishing: Players, Agents and Agendas},
	Editor = {F. Loizides and B. Schmidt},
	Organization = {IOS Press},
	Pages = {87 - 90},
	Title = {Jupyter Notebooks -- a publishing format for reproducible computational workflows},
	Year = {2016}}

@article{numpy,
  title={The NumPy array: a structure for efficient numerical computation},
  author={Van Der Walt, Stefan and Colbert, S Chris and Varoquaux, Gael},
  journal={Computing in Science \& Engineering},
  volume={13},
  number={2},
  pages={22},
  year={2011},
  publisher={IEEE Computer Society}
}

@article{berger1999integrated,
  title={Integrated likelihood methods for eliminating nuisance parameters},
  author={Berger, James O and Liseo, Brunero and Wolpert, Robert L and others},
  journal={Statistical science},
  volume={14},
  number={1},
  pages={1--28},
  year={1999},
  publisher={Institute of Mathematical Statistics}
}

@article{incidental,
 ISSN = {00129682, 14680262},
 URL = {http://www.jstor.org/stable/1914288},
 author = {J. Neyman and Elizabeth L. Scott},
 journal = {Econometrica},
 number = {1},
 pages = {1--32},
 publisher = {[Wiley, Econometric Society]},
 title = {Consistent Estimates Based on Partially Consistent Observations},
 volume = {16},
 year = {1948}
}

@Article{matplotlib,
  Author    = {Hunter, J. D.},
  Title     = {Matplotlib: A 2D graphics environment},
  Journal   = {Computing in Science \& Engineering},
  Volume    = {9},
  Number    = {3},
  Pages     = {90--95},
  abstract  = {Matplotlib is a 2D graphics package used for Python for
  application development, interactive scripting, and publication-quality
  image generation across user interfaces and operating systems.},
  publisher = {IEEE COMPUTER SOC},
  doi       = {10.1109/MCSE.2007.55},
  year      = 2007
}

@ARTICLE{banik2019novel,
       author = {{Banik}, Nilanjan and {Bovy}, Jo and {Bertone}, Gianfranco and {Erkal}, Denis and {de Boer}, T.~J.~L.},
        title = "{Novel constraints on the particle nature of dark matter from stellar streams}",
      journal = {arXiv e-prints},
     keywords = {Astrophysics - Astrophysics of Galaxies, Astrophysics - Cosmology and Nongalactic Astrophysics},
         year = 2019,
        month = nov,
          eid = {arXiv:1911.02663},
        pages = {arXiv:1911.02663},
archivePrefix = {arXiv},
       eprint = {1911.02663},
 primaryClass = {astro-ph.GA},
       adsurl = {https://ui.adsabs.harvard.edu/abs/2019arXiv191102663B},
      adsnote = {Provided by the SAO/NASA Astrophysics Data System}
}

@ARTICLE{banik2019evidence,
       author = {{Banik}, Nilanjan and {Bovy}, Jo and {Bertone}, Gianfranco and {Erkal}, Denis and {de Boer}, T.~J.~L.},
        title = "{Evidence of a population of dark subhalos from Gaia and Pan-STARRS observations of the GD-1 stream}",
      journal = {arXiv e-prints},
     keywords = {Astrophysics - Astrophysics of Galaxies, Astrophysics - Cosmology and Nongalactic Astrophysics},
         year = 2019,
        month = nov,
          eid = {arXiv:1911.02662},
        pages = {arXiv:1911.02662},
archivePrefix = {arXiv},
       eprint = {1911.02662},
 primaryClass = {astro-ph.GA},
       adsurl = {https://ui.adsabs.harvard.edu/abs/2019arXiv191102662B},
      adsnote = {Provided by the SAO/NASA Astrophysics Data System}
}



@article{Bonaca:2020psc,
    author = "Bonaca, Ana and Conroy, Charlie and Hogg, David W. and Cargile, Phillip A. and Caldwell, Nelson and Naidu, Rohan P. and Price-Whelan, Adrian M. and Speagle, Joshua S. and Johnson, Benjamin D.",
    title = "{High-resolution spectroscopy of the GD-1 stellar stream localizes the perturber near the orbital plane of Sagittarius}",
    eprint = "2001.07215",
    archivePrefix = "arXiv",
    primaryClass = "astro-ph.GA",
    doi = "10.3847/2041-8213/ab800c",
    journal = "Astrophys. J. Lett.",
    volume = "892",
    number = "2",
    pages = "L37",
    year = "2020"
}


@article{bonaca2019spur,
  title={The Spur and the Gap in GD-1: Dynamical evidence for a dark substructure in the Milky Way halo},
  author={Bonaca, Ana and Hogg, David W and Price-Whelan, Adrian M and Conroy, Charlie},
  journal={\apj},
  volume={880},
  number={1},
  pages={38},
  year={2019},
  publisher={IOP Publishing}
}

@article{bovy2016shape,
  title={The Shape of the Inner Milky Way Halo from Observations of the Pal 5 and GD--1 Stellar Streams},
  author={Bovy, Jo and Bahmanyar, Anita and Fritz, Tobias K and Kallivayalil, Nitya},
  journal={\apj},
  volume={833},
  number={1},
  pages={31},
  year={2016},
  publisher={IOP Publishing}
}

@article{bond1983collisionless,
  author   = {Bond, J. R. and Szalay, A. S.},
  journal  = {\apj},
  title    = {The collisionless damping of density fluctuations in an expanding universe},
  year     = {1983},
  month    = nov,
  pages    = {443-468},
  volume   = {274},
  doi      = {10.1086/161460},
  keywords = {Cosmology, Elementary Particles, Mass Distribution, Particle Theory, Relativistic Theory, Universe, Damping, Evolution (Development), Neutrinos, Perturbation Theory, Astrophysics},
 }

@Article{shi1999new,
  author        = {Shi, Xiangdong and Fuller, George M},
  journal       = {\prl},
  title         = {New dark matter candidate: nonthermal sterile neutrinos},
  year          = {1999},
  month         = apr,
  number        = {14},
  pages         = {2832},
  volume        = {82},
  archiveprefix = {arXiv},
  doi           = {10.1103/PhysRevLett.82.2832},
  eprint        = {astro-ph/9810076},
  keywords      = {Astrophysics, High Energy Physics - Phenomenology},
  primaryclass  = {astro-ph},
  publisher     = {APS},
  url           = {https://ui.adsabs.harvard.edu/abs/1999PhRvL..82.2832S},
}

@article{boyarsky2009role,
  author        = {Boyarsky, Alexey and Ruchayskiy, Oleg and Shaposhnikov, Mikhail},
  journal       = {Annual Review of Nuclear and Particle Science},
  title         = {The role of sterile neutrinos in cosmology and astrophysics},
  year          = {2009},
  month         = nov,
  number        = {1},
  pages         = {191--214},
  volume        = {59},
  archiveprefix = {arXiv},
  doi           = {10.1146/annurev.nucl.010909.083654},
  eprint        = {0901.0011},
  keywords      = {High Energy Physics - Phenomenology, Astrophysics - Cosmology and Extragalactic Astrophysics},
  primaryclass  = {hep-ph},
  publisher     = {Annual Reviews},
  url           = {https://ui.adsabs.harvard.edu/abs/2009ARNPS..59..191B},
  
}

@article{asaka2005numsm,
  author    = {Asaka, Takehiko and Shaposhnikov, Mikhail},
  title     = {The $\nu$MSM, dark matter and baryon asymmetry of the universe},
  journal   = {\prb},
  year      = {2005},
  volume    = {620},
  number    = {1-2},
  pages     = {17--26},
  month     = {jul},
  issn      = {0370-2693},
  doi       = {10.1016/j.physletb.2005.06.020},
  publisher = {Elsevier},
}

@article{abazajian2001sterile,
  author        = {Kevork Abazajian and George M. Fuller and Mitesh Patel},
  journal       = {\prd},
  title         = {{Sterile neutrino hot, warm, and cold dark matter}},
  year          = {2001},
  month         = {may},
  number        = {2},
  pages         = {023501},
  volume        = {D64},
  archiveprefix = {arXiv},
  doi           = {10.1103/physrevd.64.023501},
  eprint        = {astro-ph/0101524},
  primaryclass  = {astro-ph},
  publisher     = {American Physical Society ({APS})},
  slaccitation  = {%%CITATION = ASTRO-PH/0101524;%%},
}


@Article{dodelson1994sterile,
  author        = {Dodelson, Scott and Widrow, Lawrence M},
  journal       = {\prl},
  title         = {Sterile neutrinos as dark matter},
  year          = {1994},
  month         = jan,
  number        = {1},
  pages         = {17-20},
  volume        = {72},
  archiveprefix = {arXiv},
  doi           = {10.1103/PhysRevLett.72.17},
  eprint        = {hep-ph/9303287},
  keywords      = {98.80.Cq, 12.15.Ff, 14.60.St, 95.35.+d, Particle-theory and field-theory models of the early Universe, Quark and lepton masses and mixing, Non-standard-model neutrinos right-handed neutrinos etc., Dark matter, High Energy Physics - Phenomenology, Astrophysics},
  primaryclass  = {hep-ph},
  publisher     = {APS},
  url           = {https://ui.adsabs.harvard.edu/abs/1994PhRvL..72...17D},
}

@Article{smith2011testing,
  author        = {Smith, Robert E and Markovic, Katarina},
  journal       = {\prd},
  title         = {Testing the Warm Dark Matter paradigm with large-scale structures},
  year          = {2011},
  month         = sep,
  number        = {6},
  pages         = {063507},
  volume        = {84},
  archiveprefix = {arXiv},
  doi           = {10.1103/PhysRevD.84.063507},
  eid           = {063507},
  eprint        = {1103.2134},
  keywords      = {98.80.-k, Cosmology, Astrophysics - Cosmology and Extragalactic Astrophysics, High Energy Physics - Phenomenology},
  primaryclass  = {astro-ph.CO},
  publisher     = {APS},
  url           = {https://ui.adsabs.harvard.edu/abs/2011PhRvD..84f3507S},
}

@ARTICLE{2001ApJ...556...93B,
       author = {{Bode}, Paul and {Ostriker}, Jeremiah P. and {Turok}, Neil},
        title = "{Halo Formation in Warm Dark Matter Models}",
      journal = {\apj},
     keywords = {Cosmology: Theory, Cosmology: Dark Matter, Galaxies: Formation, Galaxies: Halos, Methods: Numerical, Astrophysics},
         year = 2001,
        month = jul,
       volume = {556},
       number = {1},
        pages = {93-107},
          doi = {10.1086/321541},
archivePrefix = {arXiv},
       eprint = {astro-ph/0010389},
 primaryClass = {astro-ph},
       adsurl = {https://ui.adsabs.harvard.edu/abs/2001ApJ...556...93B},
      adsnote = {Provided by the SAO/NASA Astrophysics Data System}
}


@article{bertschinger2006effects,
  title={Effects of cold dark matter decoupling and pair annihilation on cosmological perturbations},
  author={Bertschinger, Edmund},
  journal={\prd},
  doi = {10.1103/PhysRevD.74.063509},
  volume={74},
  number={6},
  pages={063509},
  year={2006},
  publisher={APS}
}

@Article{moore1999dark,
  author        = {Moore, Ben and Ghigna, Sebastiano and Governato, Fabio and Lake, George and Quinn, Thomas and Stadel, Joachim and Tozzi, Paolo},
  journal       = {\apjl},
  title         = {Dark matter substructure within galactic halos},
  year          = {1999},
  month         = dec,
  number        = {1},
  pages         = {9-20},
  volume        = {524},
  archiveprefix = {arXiv},
  doi           = {10.1086/323695},
  eprint        = {astro-ph/0108224},
  keywords      = {Cosmology: Theory, Cosmology: Dark Matter, Galaxies: Formation, Cosmology: Gravitational Lensing, Astrophysics},
  primaryclass  = {astro-ph},
  publisher     = {IOP Publishing},
  url           = {https://ui.adsabs.harvard.edu/abs/2001ApJ...563....9M},
}

@Article{schneider2013halo,
  author        = {Schneider, Aurel and Smith, Robert E and Reed, Darren},
  journal       = {\mnras},
  title         = {Halo mass function and the free streaming scale},
  year          = {2013},
  month         = aug,
  number        = {2},
  pages         = {1573-1587},
  volume        = {433},
  archiveprefix = {arXiv},
  doi           = {10.1093/mnras/stt829},
  eprint        = {1303.0839},
  keywords      = {cosmology: theory, dark matter, Astrophysics - Cosmology and Nongalactic Astrophysics},
  primaryclass  = {astro-ph.CO},
  publisher     = {Oxford University Press},
  url           = {https://ui.adsabs.harvard.edu/abs/2013MNRAS.433.1573S},
}


@article{avila1998formation,
  author        = {V. Avila-Reese and C. Firmani and X. Hern√°ndez},
  journal       = {\apj},
  title         = {On Formation and Evolution of Disk Galaxies: Cosmological Initial Conditions and the Gravitational Collapse},
  year          = {1998},
  month         = sep,
  number        = {1},
  pages         = {37-49},
  volume        = {505},
  archiveprefix = {arXiv},
  date          = {1997-10-19},
  doi           = {10.1086/306136},
  eprint        = {astro-ph/9710201},
  eprintclass   = {astro-ph},
  eprinttype    = {arXiv},
  file          = {:http\://arxiv.org/pdf/astro-ph/9710201v2:PDF},
  journaltitle  = {Astrophys.J.505:37,1998},
  keywords      = {astro-ph},
  primaryclass  = {astro-ph},
  url           = {https://ui.adsabs.harvard.edu/abs/1998ApJ...505...37A},
}

@Article{hofmann2001damping,
  author        = {Hofmann, Stefan and Schwarz, Dominik J and Stoecker, Horst},
  journal       = {\prd},
  title         = {Damping scales of neutralino cold dark matter},
  year          = {2001},
  month         = oct,
  number        = {8},
  pages         = {083507},
  volume        = {64},
  archiveprefix = {arXiv},
  doi           = {10.1103/PhysRevD.64.083507},
  eprint        = {astro-ph/0104173},
  keywords      = {95.35.+d, 14.80.Ly, 98.35.Ce, 98.80.Cq, Dark matter, Supersymmetric partners of known particles, Mass and mass distribution, Particle-theory and field-theory models of the early Universe, Astrophysics, High Energy Physics - Phenomenology},
  primaryclass  = {astro-ph},
  publisher     = {APS},
  url           = {https://ui.adsabs.harvard.edu/abs/2001PhRvD..64h3507H},
}

@Article{zhao2003growth,
  author        = {Zhao, DH and Mo, HJ and Jing, YP and Boerner, Gerhard},
  journal       = {\mnras},
  title         = {The growth and structure of dark matter haloes},
  year          = {2003},
  month         = feb,
  number        = {1},
  pages         = {12--24},
  volume        = {339},
  archiveprefix = {arXiv},
  doi           = {10.1046/j.1365-8711.2003.06135.x},
  eprint        = {astro-ph/0204108},
  keywords      = {galaxies: clusters: general, galaxies: formation, cosmology: theory, dark matter, large-scale structure of Universe, Astrophysics},
  primaryclass  = {astro-ph},
  publisher     = {Blackwell Science Ltd Oxford, UK},
  url           = {https://ui.adsabs.harvard.edu/abs/2003MNRAS.339...12Z},
}

@article{scikit-learn,
 title={Scikit-learn: Machine Learning in {P}ython},
 author={Pedregosa, F. and Varoquaux, G. and Gramfort, A. and Michel, V.
         and Thirion, B. and Grisel, O. and Blondel, M. and Prettenhofer, P.
         and Weiss, R. and Dubourg, V. and Vanderplas, J. and Passos, A. and
         Cournapeau, D. and Brucher, M. and Perrot, M. and Duchesnay, E.},
 journal={Journal of Machine Learning Research},
 volume={12},
 pages={2825--2830},
 year={2011}
}

@article{bovy2015galpy,
  author        = {Bovy, J.},
  journal       = {The Astrophysical Journal Supplement Series},
  title         = {galpy: A python Library for Galactic Dynamics},
  year          = {2015},
  month         = feb,
  number        = {2},
  pages         = {29},
  volume        = {216},
  archiveprefix = {arXiv},
  doi           = {10.1088/0067-0049/216/2/29},
  eid           = {29},
  eprint        = {1412.3451},
  keywords      = {galaxies: general, galaxies: kinematics and dynamics, Galaxy: fundamental parameters},
  publisher     = {{IOP} Publishing},
  url           = {http://adsabs.harvard.edu/abs/2015ApJS..216...29B},
}

@INPROCEEDINGS{2017AAS...22922303C,
       author = {{Chambers}, Kenneth C. and {Pan-STARRS Team}},
        title = "{The Pan-STARRS1 Survey Data Release}",
    booktitle = {American Astronomical Society Meeting Abstracts 229},
         year = 2017,
       series = {American Astronomical Society Meeting Abstracts},
       volume = {229},
        month = jan,
          eid = {223.03},
        pages = {223.03},
       adsurl = {https://ui.adsabs.harvard.edu/abs/2017AAS...22922303C},
      adsnote = {Provided by the SAO/NASA Astrophysics Data System}
}

@ARTICLE{2016A&A...595A...1G,
       author = {{Gaia Collaboration} and {Prusti}},
        title = "{The Gaia mission}",
      journal = {\aap},
     keywords = {space vehicles: instruments, Galaxy: structure, astrometry, parallaxes, proper motions, telescopes, Astrophysics - Instrumentation and Methods for Astrophysics},
         year = 2016,
        month = nov,
       volume = {595},
          eid = {A1},
        pages = {A1},
          doi = {10.1051/0004-6361/201629272},
archivePrefix = {arXiv},
       eprint = {1609.04153},
 primaryClass = {astro-ph.IM},
       adsurl = {https://ui.adsabs.harvard.edu/abs/2016A&A...595A...1G},
      adsnote = {Provided by the SAO/NASA Astrophysics Data System}
}

@ARTICLE{gaia,
       author = {{Gaia Collaboration} and {Brown}},
        title = "{Gaia Data Release 2. Summary of the contents and survey properties}",
      journal = {Astronomy and Astrophysics},
     keywords = {catalogs, astrometry, techniques: radial velocities, stars: fundamental parameters, stars: variables: general, minor planets, asteroids: general, Astrophysics - Astrophysics of Galaxies, Astrophysics - Instrumentation and Methods for Astrophysics},
         year = 2018,
        month = aug,
       volume = {616},
          eid = {A1},
        pages = {A1},
          doi = {10.1051/0004-6361/201833051},
archivePrefix = {arXiv},
       eprint = {1804.09365},
 primaryClass = {astro-ph.GA},
       adsurl = {https://ui.adsabs.harvard.edu/abs/2018A&A...616A...1G},
      adsnote = {Provided by the SAO/NASA Astrophysics Data System}
}



@article{brehmer2020mining,
  title={Mining gold from implicit models to improve likelihood-free inference},
  author={Brehmer, Johann and Louppe, Gilles and Pavez, Juan and Cranmer, Kyle},
  journal={Proceedings of the National Academy of Sciences},
  volume={117},
  number={10},
  pages={5242--5249},
  year={2020},
  publisher={National Academy of Sciences}
}

@ARTICLE{1984Natur.311..517B,
       author = {{Blumenthal}, G.~R. and {Faber}, S.~M. and {Primack}, J.~R. and
         {Rees}, M.~J.},
        title = "{Formation of galaxies and large-scale structure with cold dark matter.}",
      journal = {Nature},
     keywords = {Dark Matter, Galactic Evolution, Galactic Structure, Matter (Physics), Universe, Astronomical Models, Baryons, Galactic Clusters, Globular Clusters, Astrophysics, DARK MATTER, GALACTIC EVOLUTION, GALACTIC STRUCTURE, MATTER (PHYSICS), UNIVERSE, ASTRONOMICAL MODELS, BARYONS, GALACTIC CLUSTERS, GLOBULAR CLUSTERS},
         year = 1984,
        month = oct,
       volume = {311},
        pages = {517-525},
          doi = {10.1038/311517a0},
       adsurl = {https://ui.adsabs.harvard.edu/abs/1984Natur.311..517B},
      adsnote = {Provided by the SAO/NASA Astrophysics Data System}
}



@ARTICLE{1982ApJ...263L...1P,
       author = {{Peebles}, P.~J.~E.},
        title = "{Large-scale background temperature and mass fluctuations due to scale-invariant primeval perturbations}",
      journal = {\apj},
     keywords = {Background Radiation, Cosmology, Galactic Evolution, Mass Distribution, Noise Temperature, Universe, Astrophysics},
         year = 1982,
        month = dec,
       volume = {263},
        pages = {L1-L5},
          doi = {10.1086/183911},
       adsurl = {https://ui.adsabs.harvard.edu/abs/1982ApJ...263L...1P},
      adsnote = {Provided by the SAO/NASA Astrophysics Data System}
}



@inproceedings{yang2019condconv,
  title={Condconv: Conditionally parameterized convolutions for efficient inference},
  author={Yang, Brandon and Bender, Gabriel and Le, Quoc V and Ngiam, Jiquan},
  booktitle={Advances in Neural Information Processing Systems},
  pages={1307--1318},
  year={2019}
}

@article{neymanconstruction,
 ISSN = {00804614},
 URL = {http://www.jstor.org/stable/91337},
 author = {J. Neyman},
 journal = {Philosophical Transactions of the Royal Society of London. Series A, Mathematical and Physical Sciences},
 number = {767},
 pages = {333--380},
 publisher = {The Royal Society},
 title = {Outline of a Theory of Statistical Estimation Based on the Classical Theory of Probability},
 volume = {236},
 year = {1937}
}



@Article{2020MNRAS.491.6077G,
  author        = {{Gilman}, Daniel and {Birrer}, Simon and {Nierenberg}, Anna and {Treu}, Tommaso and {Du}, Xiaolong and {Benson}, Andrew},
  journal       = {\mnras},
  title         = {{Warm dark matter chills out: constraints on the halo mass function and the free-streaming length of dark matter with eight quadruple-image strong gravitational lenses}},
  year          = {2020},
  month         = feb,
  number        = {4},
  pages         = {6077-6101},
  volume        = {491},
  adsnote       = {Provided by the SAO/NASA Astrophysics Data System},
  adsurl        = {https://ui.adsabs.harvard.edu/abs/2020MNRAS.491.6077G},
  archiveprefix = {arXiv},
  doi           = {10.1093/mnras/stz3480},
  eprint        = {1908.06983},
  keywords      = {gravitational lensing: strong, methods: statistical, galaxies: structure, dark matter, Astrophysics - Cosmology and Nongalactic Astrophysics, Astrophysics - Astrophysics of Galaxies},
  primaryclass  = {astro-ph.CO},
  url           = {https://ui.adsabs.harvard.edu/abs/2020MNRAS.491.6077G},
}
@article{ha2016hypernetworks,
  title={Hypernetworks},
  author={Ha, David and Dai, Andrew and Le, Quoc V},
  journal={arXiv preprint arXiv:1609.09106},
  year={2016}
}

@article{dalmasso2020confidence,
  title={Confidence Sets and Hypothesis Testing in a Likelihood-Free Inference Setting},
  author={Dalmasso, Niccol{\`o} and Izbicki, Rafael and Lee, Ann B},
  journal={arXiv preprint arXiv:2002.10399},
  year={2020}
}

@article{batchnorm,
  title={Batch normalization: Accelerating deep network training by reducing internal covariate shift},
  author={Ioffe, Sergey and Szegedy, Christian},
  journal={arXiv preprint arXiv:1502.03167},
  year={2015}
}

@article{sbc,
  title={Validating Bayesian inference algorithms with simulation-based calibration},
  author={Talts, Sean and Betancourt, Michael and Simpson, Daniel and Vehtari, Aki and Gelman, Andrew},
  journal={arXiv preprint arXiv:1804.06788},
  year={2018}
}

@article{adamw,
  title={Decoupled weight decay regularization},
  author={Loshchilov, Ilya and Hutter, Frank},
  journal={arXiv preprint arXiv:1711.05101},
  year={2017}
}

@inproceedings{selu,
  title={Self-normalizing neural networks},
  author={Klambauer, G{\"u}nter and Unterthiner, Thomas and Mayr, Andreas and Hochreiter, Sepp},
  booktitle={Advances in neural information processing systems},
  pages={971--980},
  year={2017}
}

@inproceedings{resnet,
  title={Deep residual learning for image recognition},
  author={He, Kaiming and Zhang, Xiangyu and Ren, Shaoqing and Sun, Jian},
  booktitle={Proceedings of the IEEE conference on computer vision and pattern recognition},
  pages={770--778},
  year={2016}
}

@Article{strege2012fundamental,
  author        = {Strege, Charlotte and Trotta, Roberto and Bertone, Gianfranco and Peter, Annika HG and Scott, Pat},
  journal       = {\prd},
  title         = {Fundamental statistical limitations of future dark matter direct detection experiments},
  year          = {2012},
  month         = jul,
  number        = {2},
  pages         = {023507},
  volume        = {86},
  archiveprefix = {arXiv},
  doi           = {10.1103/PhysRevD.86.023507},
  eid           = {023507},
  eprint        = {1201.3631},
  keywords      = {95.35.+d, Dark matter, High Energy Physics - Phenomenology, Astrophysics - Cosmology and Extragalactic Astrophysics, Physics - Data Analysis, Statistics and Probability},
  primaryclass  = {hep-ph},
  publisher     = {APS},
  url           = {https://ui.adsabs.harvard.edu/abs/2012PhRvD..86b3507S},
}

@article{keskar2016large,
  title={On large-batch training for deep learning: Generalization gap and sharp minima},
  author={Keskar, Nitish Shirish and Mudigere, Dheevatsa and Nocedal, Jorge and Smelyanskiy, Mikhail and Tang, Ping Tak Peter},
  journal = {5th International Conference on Learning Representations},
  year={2017}
}

@article{rubin1984bayesianly,
  title={Bayesianly Justifiable and Relevant Frequency Calculations for the Applied Statistician},
  author={Rubin, Donald B},
  journal={The Annals of Statistics},
  pages={1151--1172},
  year={1984},
  publisher={JSTOR}
}

@article{webb2019searching,
  title={Searching for the GD-1 stream progenitor in Gaia DR2 with direct N-body simulations},
  author={Webb, Jeremy J and Bovy, Jo},
  journal={\mnras},
  volume={485},
  number={4},
  pages={5929--5938},
  year={2019},
  publisher={Oxford University Press}
}

@article{smith2017don,
  title={Don't decay the learning rate, increase the batch size},
  author={Smith, Samuel L and Kindermans, Pieter-Jan and Ying, Chris and Le, Quoc V},
  journal={arXiv preprint arXiv:1711.00489},
  year={2017}
}

@article{masters2018revisiting,
  title={Revisiting small batch training for deep neural networks},
  author={Masters, Dominic and Luschi, Carlo},
  journal={arXiv preprint arXiv:1804.07612},
  year={2018}
}

@inproceedings{hoffer2017train,
  title={Train longer, generalize better: closing the generalization gap in large batch training of neural networks},
  author={Hoffer, Elad and Hubara, Itay and Soudry, Daniel},
  booktitle={Advances in Neural Information Processing Systems},
  pages={1731--1741},
  year={2017}
}

@article{banik2018probing,
  author        = {Nilanjan Banik and Gianfranco Bertone and Jo Bovy and Nassim Bozorgnia},
  title         = {Probing the nature of dark matter particles with stellar streams},
  journal       = {\jcap},
  year          = {2018},
  volume        = {7},
  number        = {07},
  pages         = {061},
  month         = jul,
  archiveprefix = {arXiv},
  date          = {2018-04-12},
  doi           = {10.1088/1475-7516/2018/07/061},
  eid           = {061},
  eprint        = {http://arxiv.org/abs/1804.04384v2},
  eprintclass   = {astro-ph.CO},
  eprinttype    = {arXiv},
  file          = {:http\://arxiv.org/pdf/1804.04384v2:PDF},
  journaltitle  = {JCAP07(2018)061},
  keywords      = {astro-ph.CO, astro-ph.GA, hep-ph},
  publisher     = {{IOP} Publishing},
  url           = {http://adsabs.harvard.edu/abs/2018JCAP...07..061B},
}

@incollection{bovy2019constraining,
  author    = {Bovy, Jo},
  journal   = {Astrophys. Space Sci. Proc.},
  title     = {Constraining the Small-Scale Clustering of Dark Matter with Stellar Streams},
  year      = {2019},
  month     = jan,
  pages     = {9--18},
  volume    = {56},
  booktitle = {Illuminating Dark Matter},
  editor    = {Essig, Rouven and Feng, Jonathan and Zurek, Kathryn},
  keywords  = {Physics},
  
}

@article{wilks1938large,
  title={The large-sample distribution of the likelihood ratio for testing composite hypotheses},
  author={Wilks, Samuel S},
  journal={The annals of mathematical statistics},
  volume={9},
  number={1},
  pages={60--62},
  year={1938},
  publisher={JSTOR}
}

@article{cranmer2015approximating,
  title={Approximating likelihood ratios with calibrated discriminative classifiers},
  author={Cranmer, Kyle and Pavez, Juan and Louppe, Gilles},
  journal={arXiv preprint arXiv:1506.02169},
  year={2015}
}

@article{cowan2011asymptotic,
  author       = {Glen Cowan and Kyle Cranmer and Eilam Gross and Ofer Vitells},
  journal      = {The European Physical Journal C},
  title        = {Asymptotic formulae for likelihood-based tests of new physics},
  year         = {2011},
  month        = {feb},
  number       = {2},
  volume       = {71},
  date         = {2010-07-10},
  doi          = {10.1140/epjc/s10052-011-1554-0},
  eprint       = {1007.1727},
  eprintclass  = {physics.data-an},
  eprinttype   = {arXiv},
  file         = {:http\://arxiv.org/pdf/1007.1727v3:PDF},
  journaltitle = {Eur.Phys.J.C71:1554,2011},
  keywords     = {physics.data-an, hep-ex},
  publisher    = {Springer Science and Business Media {LLC}},
}

@inproceedings{dalmasso2020validation,
  author        = {Dalmasso, Niccolo and Lee, Ann and Izbicki, Rafael and Pospisil, Taylor and Kim, Ilmun and Lin, Chieh-An},
  journal       = {arXiv e-prints},
  title         = {Validation of approximate likelihood and emulator models for computationally intensive simulations},
  year          = {2020},
  month         = may,
  pages         = {3349--3361},
  archiveprefix = {arXiv},
  booktitle     = {International Conference on Artificial Intelligence and Statistics},
  eid           = {arXiv:1905.11505},
  eprint        = {1905.11505},
  keywords      = {Statistics - Methodology, Statistics - Machine Learning},
  primaryclass  = {stat.ME},
}

@article{schall2012empirical,
  title={The empirical coverage of confidence intervals: Point estimates and confidence intervals for confidence levels},
  author={Schall, Robert},
  journal={Biometrical journal},
  volume={54},
  number={4},
  pages={537--551},
  year={2012},
  publisher={Wiley Online Library}
}

@ARTICLE{2013arXiv1301.3166P,
       author = {{Prangle}, D. and {Blum}, M.~G.~B. and {Popovic}, G. and {Sisson}, S.~A.},
        title = "{Diagnostic tools of approximate Bayesian computation using the coverage property}",
      journal = {arXiv e-prints},
     keywords = {Statistics - Methodology, Statistics - Computation},
         year = 2013,
        month = jan,
          eid = {arXiv:1301.3166},
        pages = {arXiv:1301.3166},
archivePrefix = {arXiv},
       eprint = {1301.3166},
 primaryClass = {stat.ME},
       adsurl = {https://ui.adsabs.harvard.edu/abs/2013arXiv1301.3166P},
      adsnote = {Provided by the SAO/NASA Astrophysics Data System}
}

@article{brehmer2018constraining,
  author        = {Brehmer, Johann and Cranmer, Kyle and Louppe, Gilles and Pavez, Juan},
  journal       = {\prl},
  title         = {Constraining effective field theories with machine learning},
  year          = {2018},
  month         = sep,
  number        = {11},
  pages         = {111801},
  volume        = {121},
  archiveprefix = {arXiv},
  doi           = {10.1103/PhysRevLett.121.111801},
  eid           = {111801},
  eprint        = {1805.00013},
  keywords      = {High Energy Physics - Phenomenology, Physics - Data Analysis, Statistics and Probability, Statistics - Machine Learning},
  primaryclass  = {hep-ph},
  publisher     = {APS},
  url           = {https://ui.adsabs.harvard.edu/abs/2018PhRvL.121k1801B},
}

@InProceedings{brehmer2019effective,
  author    = {Brehmer, Johann and Cranmer, Kyle and Espejo, Irina and Kling, Felix and Louppe, Gilles and Pavez, Juan},
  booktitle = {Journal of Physics Conference Series},
  title     = {Effective LHC measurements with matrix elements and machine learning},
  year      = {2020},
  month     = apr,
  pages     = {012022},
  series    = {Journal of Physics Conference Series},
  volume    = {1525},
  doi       = {10.1088/1742-6596/1525/1/012022},
  eid       = {012022},
  journal   = {arXiv preprint arXiv:1906.01578},
  url       = {https://ui.adsabs.harvard.edu/abs/2020JPhCS1525a2022B},
}

@article{Bohe:2016gbl,
      author         = "Boh√©, Alejandro and others",
      title          = "{Improved effective-one-body model of spinning,
                        nonprecessing binary black holes for the era of
                        gravitational-wave astrophysics with advanced detectors}",
      journal        = "\prd",
      volume         = "D95",
      year           = "2017",
      number         = "4",
      pages          = "044028",
      doi            = "10.1103/PhysRevD.95.044028",
      eprint         = "1611.03703",
      archivePrefix  = "arXiv",
      primaryClass   = "gr-qc",
      reportNumber   = "LIGO-P1600315",
      SLACcitation   = "%%CITATION = ARXIV:1611.03703;%%"
}

@article{cranmer2020frontier,
  title={The frontier of simulation-based inference},
  author={Cranmer, Kyle and Brehmer, Johann and Louppe, Gilles},
  journal={Proceedings of the National Academy of Sciences},
  year={2020},
  publisher={National Acad Sciences}
}

@article{Veitch:2014wba,
      author         = "Veitch, J. and others",
      title          = "{Parameter estimation for compact binaries with
                        ground-based gravitational-wave observations using the
                        LALInference software library}",
      journal        = "\prd",
      volume         = "D91",
      year           = "2015",
      number         = "4",
      pages          = "042003",
      doi            = "10.1103/PhysRevD.91.042003",
      eprint         = "1409.7215",
      archivePrefix  = "arXiv",
      primaryClass   = "gr-qc",
      reportNumber   = "LIGO-P1400152",
      SLACcitation   = "%%CITATION = ARXIV:1409.7215;%%"
}

@inproceedings{Cranmer:2015bka,
      author         = "Cranmer, Kyle and Pavez, Juan and Louppe, Gilles",
      title          = "{Approximating Likelihood Ratios with Calibrated
                        Discriminative  Classifiers}",
      year           = "2015",
      eprint         = "1506.02169",
      archivePrefix  = "arXiv",
      primaryClass   = "stat.AP",
      SLACcitation   = "%%CITATION = ARXIV:1506.02169;%%"
}

@ARTICLE{2019arXiv190304057H,
       author = {{Hermans}, Joeri and {Begy}, Volodimir and {Louppe}, Gilles},
        title = "{Likelihood-free MCMC with Amortized Approximate Ratio Estimators}",
      journal = {arXiv e-prints},
     keywords = {Statistics - Machine Learning, Computer Science - Machine Learning},
         year = "2019",
        month = "Mar",
          eid = {arXiv:1903.04057},
        pages = {arXiv:1903.04057},
archivePrefix = {arXiv},
       eprint = {1903.04057},
 primaryClass = {stat.ML},
       adsurl = {https://ui.adsabs.harvard.edu/abs/2019arXiv190304057H},
      adsnote = {Provided by the SAO/NASA Astrophysics Data System}
}

@ARTICLE{Brehmer:2019jyt,
       author = {{Brehmer}, Johann and {Mishra-Sharma}, Siddharth and {Hermans}, Joeri and
         {Louppe}, Gilles and {Cranmer}, Kyle},
        title = "{Mining for Dark Matter Substructure: Inferring Subhalo Population Properties from Strong Lenses with Machine Learning}",
      journal = {\apj},
     keywords = {Astrostatistics techniques, Convolutional neural networks, Cosmology, Dark matter, Gravitational lensing, Strong gravitational lensing, Nonparametric inference, Astrophysics - Cosmology and Nongalactic Astrophysics, Astrophysics - High Energy Astrophysical Phenomena, Astrophysics - Instrumentation and Methods for Astrophysics, High Energy Physics - Phenomenology, Statistics - Machine Learning},
         year = "2019",
        month = "Nov",
       volume = {886},
       number = {1},
          eid = {49},
        pages = {49},
          doi = {10.3847/1538-4357/ab4c41},
archivePrefix = {arXiv},
       eprint = {1909.02005},
 primaryClass = {astro-ph.CO},
       adsurl = {https://ui.adsabs.harvard.edu/abs/2019ApJ...886...49B},
      adsnote = {Provided by the SAO/NASA Astrophysics Data System}
}

@ARTICLE{2019PhRvD.100f3015G,
       author = {{Gebhard}, Timothy D. and {Kilbertus}, Niki and {Harry}, Ian and
         {Sch{\"o}lkopf}, Bernhard},
        title = "{Convolutional neural networks: A magic bullet for gravitational-wave detection?}",
      journal = {\prd},
     keywords = {Astrophysics - Instrumentation and Methods for Astrophysics, Astrophysics - High Energy Astrophysical Phenomena, Computer Science - Machine Learning, Statistics - Machine Learning},
         year = "2019",
        month = "Sep",
       volume = {100},
       number = {6},
          eid = {063015},
        pages = {063015},
          doi = {10.1103/PhysRevD.100.063015},
archivePrefix = {arXiv},
       eprint = {1904.08693},
 primaryClass = {astro-ph.IM},
       adsurl = {https://ui.adsabs.harvard.edu/abs/2019PhRvD.100f3015G},
      adsnote = {Provided by the SAO/NASA Astrophysics Data System}
}

@Article{ibata2002uncovering,
  author        = {Ibata, RA and Lewis, GF and Irwin, MJ and Quinn, T},
  journal       = {\mnras},
  title         = {Uncovering cold dark matter halo substructure with tidal streams},
  year          = {2002},
  month         = jun,
  number        = {4},
  pages         = {915-920},
  volume        = {332},
  archiveprefix = {arXiv},
  doi           = {10.1046/j.1365-8711.2002.05358.x},
  eprint        = {astro-ph/0110690},
  keywords      = {galaxies: haloes, dark matter, Astrophysics},
  primaryclass  = {astro-ph},
  publisher     = {Blackwell Science Ltd},
  url           = {https://ui.adsabs.harvard.edu/abs/2002MNRAS.332..915I},
}

@Article{johnston2002lumpy,
  author    = {Johnston, Kathryn V and Spergel, David N and Haydn, Christian},
  journal   = {\apj},
  title     = {How lumpy is the Milky Way‚Äôs dark matter halo?},
  year      = {2002},
  issn      = {0004-637X},
  month     = {may},
  number    = {2},
  pages     = {656--664},
  volume    = {570},
  doi       = {10.1086/339791},
  publisher = {IOP Publishing},
}

@article{banik2019effects,
  title={Effects of baryonic and dark matter substructure on the Pal 5 stream},
  author={Banik, Nilanjan and Bovy, Jo},
  journal={\mnras},
  doi = {10.1093/mnras/stz142},
  volume={484},
  number={2},
  pages={2009--2020},
  year={2019},
  publisher={Oxford University Press}
}

@Article{yoon2011clumpy,
  author        = {Yoon, Joo Heon and Johnston, Kathryn V and Hogg, David W},
  journal       = {\apj},
  title         = {Clumpy streams from clumpy halos: detecting missing satellites with cold stellar structures},
  year          = {2011},
  month         = apr,
  number        = {1},
  pages         = {58},
  volume        = {731},
  archiveprefix = {arXiv},
  doi           = {10.1088/0004-637X/731/1/58},
  eid           = {58},
  eprint        = {1012.2884},
  keywords      = {cosmology: theory, dark matter, Galaxy: halo, Galaxy: kinematics and dynamics, Galaxy: structure, Astrophysics - Astrophysics of Galaxies},
  primaryclass  = {astro-ph.GA},
  publisher     = {IOP Publishing},
  url           = {https://ui.adsabs.harvard.edu/abs/2011ApJ...731...58Y},
}

@article{carlberg2012dark,
  author        = {Carlberg, Raymond G},
  journal       = {\apj},
  title         = {Dark matter sub-halo counts via star stream crossings},
  year          = {2012},
  month         = mar,
  number        = {1},
  pages         = {20},
  volume        = {748},
  archiveprefix = {arXiv},
  doi           = {10.1088/0004-637X/748/1/20},
  eid           = {20},
  eprint        = {1109.6022},
  keywords      = {dark matter, galaxies: dwarf, Local Group, Astrophysics - Cosmology and Nongalactic Astrophysics, Astrophysics - Astrophysics of Galaxies},
  primaryclass  = {astro-ph.CO},
  publisher     = {IOP Publishing},
  url           = {https://ui.adsabs.harvard.edu/abs/2012ApJ...748...20C},
}

@Article{Erkal2015,
  author    = {Erkal, Denis and Belokurov, Vasily},
  title     = {Forensics of subhalo--stream encounters: the three phases of gap growth},
  journal   = {\mnras},
  year      = {2015},
  volume    = {450},
  number    = {1},
  pages     = {1136--1149},
  month     = {apr},
  issn      = {0035-8711},
  doi       = {10.1093/mnras/stv655},
  publisher = {The Royal Astronomical Society},
}

@Article{Erkal2015a,
  author    = {Erkal, Denis and Belokurov, Vasily},
  title     = {Properties of dark subhaloes from gaps in tidal streams},
  journal   = {\mnras},
  year      = {2015},
  volume    = {454},
  number    = {4},
  pages     = {3542--3558},
  month     = {oct},
  issn      = {0035-8711},
  doi       = {10.1093/mnras/stv2122},
  publisher = {The Royal Astronomical Society},
}

@Article{Bovy2016a,
  author        = {Bovy, Jo and Erkal, Denis and Sanders, Jason L.},
  title         = {{Linear perturbation theory for tidal streams and the small-scale CDM power spectrum}},
  journal       = {\mnras},
  year          = {2017},
  volume        = {466},
  number        = {1},
  pages         = {628-668},
  month         = {nov},
  issn          = {0035-8711},
  archiveprefix = {arXiv},
  doi           = {10.1093/mnras/stw3067},
  eprint        = {1606.03470},
  primaryclass  = {astro-ph.GA},
  publisher     = {Oxford University Press ({OUP})},
  slaccitation  = {%%CITATION = ARXIV:1606.03470;%%},
}

@Article{Sanders2016,
  author    = {Sanders, Jason L and Bovy, Jo and Erkal, Denis},
  title     = {Dynamics of stream--subhalo interactions},
  journal   = {\mnras},
  year      = {2016},
  volume    = {457},
  number    = {4},
  pages     = {3817--3835},
  month     = {jan},
  issn      = {0035-8711},
  doi       = {10.1093/mnras/stw232},
  publisher = {The Royal Astronomical Society},
}

@Article{Amorisco2016,
  author      = {Nicola C. Amorisco and Facundo A. G\`{o}mez and Simona Vegetti and Simon D. M. White},
  title       = {Gaps in globular cluster streams: giant molecular clouds can cause them too},
  journal     = {\mnras},
  year        = {2016},
  volume      = {463},
  number      = {1},
  pages       = {L17-L21},
  month       = {jul},
  issn        = {1745-3925},
  date        = {2016-06-08},
  doi         = {10.1093/mnrasl/slw148},
  eprint      = {1606.02715v2},
  eprintclass = {astro-ph.GA},
  eprinttype  = {arXiv},
  file        = {online:http\://arxiv.org/pdf/1606.02715v2:PDF},
  keywords    = {astro-ph.GA, astro-ph.CO},
  publisher   = {Oxford University Press ({OUP})},
}

@Article{Pearson2017,
  author        = {Pearson, S. and Price-Whelan, A. M. and Johnston, K. V.},
  title         = {Gaps and length asymmetry in the stellar stream Palomar 5 as effects of Galactic bar rotation},
  journal       = {Nature Astronomy},
  year          = {2017},
  volume        = {1},
  pages         = {633-639},
  month         = sep,
  archiveprefix = {arXiv},
  date          = {2017-03-14},
  doi           = {10.1038/s41550-017-0220-3},
  eprint        = {1703.04627v2},
  eprintclass   = {astro-ph.GA},
  eprinttype    = {arXiv},
  file          = {online:http\://arxiv.org/pdf/1703.04627v2:PDF},
  keywords      = {astro-ph.GA},
  url           = {http://adsabs.harvard.edu/abs/2017NatAs...1..633P},
}

@Article{Erkal2017,
  author      = {Denis Erkal and Sergey E. Koposov and Vasily Belokurov},
  title       = {A sharper view of Pal 5's tails: Discovery of stream perturbations with a novel non-parametric technique},
  journal     = {\mnras},
  year        = {2017},
  volume      = {470},
  number      = {1},
  pages       = {60--84},
  month       = {may},
  date        = {2016-09-05},
  doi         = {10.1093/mnras/stx1208},
  eprint      = {1609.01282v2},
  eprintclass = {astro-ph.GA},
  eprinttype  = {arXiv},
  file        = {online:http\://arxiv.org/pdf/1609.01282v2:PDF},
  keywords    = {astro-ph.GA},
  publisher   = {Oxford University Press ({OUP})},
}

@article{Webb_2019,
   title={Searching for the GD-1 stream progenitor inGaiaDR2 with directN-body simulations},
   volume={485},
   ISSN={1365-2966},
   url={http://dx.doi.org/10.1093/mnras/stz867},
   DOI={10.1093/mnras/stz867},
   number={4},
   journal={\mnras},
   publisher={Oxford University Press (OUP)},
   author={Webb, Jeremy J and Bovy, Jo},
   year={2019},
   month={Mar},
   pages={5929‚Äì5938}
}

@Article{Grillmair2006,
  author    = {Grillmair, C. J. and Dionatos, O.},
  title     = {Detection of a 63 deg Cold Stellar Stream in the Sloan Digital Sky Survey},
  journal   = {\apj},
  year      = {2006},
  volume    = {643},
  number    = {1},
  pages     = {L17-L20},
  month     = {may},
  doi       = {10.1086/505111},
  eprint    = {astro-ph/0604332},
  keywords  = {Galaxy: Halo, Galaxy: Structure, Galaxy: Globular Clusters: General},
  publisher = {{IOP} Publishing},
  url       = {http://adsabs.harvard.edu/abs/2006ApJ...643L..17G},
}

@Article{Erkal2016,
  author      = {Denis Erkal and Vasily Belokurov and Jo Bovy and Jason L. Sanders},
  title       = {The number and size of subhalo-induced gaps in stellar streams},
  journal     = {\mnras},
  year        = {2016},
  volume      = {463},
  number      = {1},
  pages       = {102--119},
  month       = {aug},
  issn        = {0035-8711},
  date        = {2016-06-15},
  doi         = {10.1093/mnras/stw1957},
  eprint      = {1606.04946v2},
  eprintclass = {astro-ph.GA},
  eprinttype  = {arXiv},
  file        = {online:http\://arxiv.org/pdf/1606.04946v2:PDF},
  keywords    = {astro-ph.GA},
  publisher   = {Oxford University Press ({OUP})},
}

@Article{Boer2019,
  author        = {T. J. L. de Boer and D. Erkal and M. Gieles},
  journal       = {\mnras},
  title         = {A closer look at the spur, blob, wiggle, and gaps in GD-1},
  year          = {2020},
  month         = apr,
  number        = {4},
  pages         = {5315-5332},
  volume        = {494},
  archiveprefix = {arXiv},
  date          = {2019-11-13},
  doi           = {10.1093/mnras/staa917},
  eprint        = {1911.05745v1},
  eprintclass   = {astro-ph.GA},
  eprinttype    = {arXiv},
  file          = {:http\://arxiv.org/pdf/1911.05745v1:PDF},
  keywords      = {astro-ph.GA},
  primaryclass  = {astro-ph.GA},
  url           = {https://ui.adsabs.harvard.edu/abs/2020MNRAS.494.5315D},
}

@Article{Springel2008,
  author        = {Springel, Volker and Wang, Jie and Vogelsberger, Mark and Ludlow, Aaron and Jenkins, Adrian and Helmi, Amina and Navarro, Julio F and Frenk, Carlos S and White, Simon DM},
  title         = {The Aquarius Project: the subhaloes of galactic haloes},
  journal       = {\mnras},
  year          = {2008},
  volume        = {391},
  number        = {4},
  pages         = {1685--1711},
  month         = dec,
  archiveprefix = {arXiv},
  doi           = {10.1111/j.1365-2966.2008.14066.x},
  eprint        = {0809.0898},
  keywords      = {methods: numerical , dark matter},
  publisher     = {Blackwell Publishing Ltd Oxford, UK},
  url           = {http://adsabs.harvard.edu/abs/2008MNRAS.391.1685S},
}

@Article{DOnghia2010,
  author    = {D'Onghia, Elena and Springel, Volker and Hernquist, Lars and Keres, Dusan},
  title     = {Substructure depletion in the Milky Way halo by the disk},
  journal   = {\apj},
  year      = {2010},
  volume    = {709},
  number    = {2},
  pages     = {1138},
  month     = {jan},
  issn      = {0004-637X},
  doi       = {10.1088/0004-637x/709/2/1138},
  publisher = {IOP Publishing},
}

@Article{Sawala2016,
  author      = {Till Sawala and Pauli Pihajoki and Peter H. Johansson and Carlos S. Frenk and Julio F. Navarro and Kyle A. Oman and Simon D. M. White},
  title       = {Shaken and Stirred: The Milky Way's Dark Substructures},
  journal     = {\mnras},
  year        = {2017},
  volume      = {467},
  number      = {4},
  pages       = {4383-4400},
  month       = {feb},
  issn        = {0035-8711},
  date        = {2016-09-06},
  doi         = {10.1093/mnras/stx360},
  eprint      = {1609.01718v1},
  eprintclass = {astro-ph.GA},
  eprinttype  = {arXiv},
  file        = {online:http\://arxiv.org/pdf/1609.01718v1:PDF},
  keywords    = {astro-ph.GA, astro-ph.CO},
  publisher   = {Oxford University Press ({OUP})},
}

@ARTICLE{Webb20b,
       author = {{Webb}, Jeremy J. and {Bovy}, Jo},
        title = "{And In The Darkness Unbind Them: High-Resolution Simulations of Dark Matter Subhalo Disruption in a Milky Way-like Tidal Field}",
      journal = {arXiv e-prints},
     keywords = {Astrophysics - Astrophysics of Galaxies},
         year = 2020,
        month = jun,
          eid = {arXiv:2006.06695},
        pages = {arXiv:2006.06695},
archivePrefix = {arXiv},
       eprint = {2006.06695},
 primaryClass = {astro-ph.GA},
       adsurl = {https://ui.adsabs.harvard.edu/abs/2020arXiv200606695W},
      adsnote = {Provided by the SAO/NASA Astrophysics Data System}
}

@ARTICLE{GarrisonKimmel17a,
       author = {{Garrison-Kimmel}, Shea and {Wetzel}, Andrew and {Bullock}, James S. and
         {Hopkins}, Philip F. and {Boylan-Kolchin}, Michael and
         {Faucher-Gigu{\`e}re}, Claude-Andr{\'e} and {Kere{\v{s}}}, Du{\v{s}}an and
         {Quataert}, Eliot and {Sanderson}, Robyn E. and {Graus}, Andrew S. and
         {Kelley}, Tyler},
        title = "{Not so lumpy after all: modelling the depletion of dark matter subhaloes by Milky Way-like galaxies}",
      journal = {\mnras},
     keywords = {galaxies: haloes, Local Group, dark matter, cosmology: theory, Astrophysics - Astrophysics of Galaxies},
         year = "2017",
        month = "Oct",
       volume = {471},
       number = {2},
        pages = {1709-1727},
          doi = {10.1093/mnras/stx1710},
archivePrefix = {arXiv},
       eprint = {1701.03792},
 primaryClass = {astro-ph.GA},
       adsurl = {https://ui.adsabs.harvard.edu/abs/2017MNRAS.471.1709G},
      adsnote = {Provided by the SAO/NASA Astrophysics Data System}
}

@Article{Lovell2013,
  author      = {Mark R. Lovell and Carlos S. Frenk and Vincent R. Eke and Adrian Jenkins and Liang Gao and Tom Theuns},
  title       = {The properties of warm dark matter haloes},
  journal     = {\mnras},
  year        = {2014},
  volume      = {439},
  number      = {1},
  pages       = {300--317},
  month       = {feb},
  date        = {2013-08-06},
  doi         = {10.1093/mnras/stt2431},
  eprint      = {1308.1399v2},
  eprintclass = {astro-ph.CO},
  eprinttype  = {arXiv},
  file        = {online:http\://arxiv.org/pdf/1308.1399v2:PDF},
  keywords    = {astro-ph.CO, astro-ph.GA},
  publisher   = {Oxford University Press ({OUP})},
}


@ARTICLE{Prangle2017-pe,
  title     = "{Adapting the ABC Distance Function}",
  author    = "Prangle, Dennis",
  journal   = "Bayesian Anal.",
  publisher = "International Society for Bayesian Analysis",
  volume    =  12,
  number    =  1,
  pages     = "289--309",
  month     =  mar,
  year      =  2017,
  url       = "https://projecteuclid.org/euclid.ba/1460641065",
  keywords  = "likelihood-free inference; population Monte Carlo; quantile
               distributions; Lotka--Volterra",
  language  = "en",
  issn      = "1936-0975, 1931-6690",
  doi       = "10.1214/16-BA1002"
}

@ARTICLE{Lintusaari2017-zn,
  title    = "{Fundamentals and Recent Developments in Approximate Bayesian
              Computation}",
  author   = "Lintusaari, Jarno and Gutmann, Michael U and Dutta, Ritabrata and
              Kaski, Samuel and Corander, Jukka",
  journal  = "Syst. Biol.",
  volume   =  66,
  number   =  1,
  pages    = "e66--e82",
  month    =  jan,
  year     =  2017,
  url      = "http://dx.doi.org/10.1093/sysbio/syw077",
  file     = "All Papers/L/Lintusaari et al. 2017 - Fundamentals and Recent Developments in Approximate Bayesian Computation.pdf",
  language = "en",
  issn     = "1063-5157, 1076-836X",
  pmid     = "28175922",
  doi      = "10.1093/sysbio/syw077",
  pmc      = "PMC5837704"
}
